@article{avizienis2004basic,
  title={Basic concepts and taxonomy of dependable and secure computing},
  author={Avizienis, Algirdas and Laprie, J-C and Randell, Brian and Landwehr, Carl},
  journal={IEEE TDSC},
  volume={1},
  number={1},
  pages={11--33},
  year={2004},
  publisher={IEEE}
}

@article{cho2015survey,
  title={{A Survey on Trust Modeling}},
  author={Cho, Jin-Hee and Chan, Kevin and Adali, Sibel},
  journal={ACM CSUR},
  volume={48},
  number={2},
  pages={28},
  year={2015},
  publisher={ACM}
}

@article{guo2017survey,
  title={{A survey of trust computation models for service management in internet of things systems}},
  author={Guo, Jia and Chen, Ray and Tsai, Jeffrey JP},
  journal={Computer Communications},
  volume={97},
  pages={1--14},
  year={2017},
  publisher={Elsevier}
}

@article{cole2017risk,
  title={{IT Risk Assessment for Group6 Healthcare Clinic Report}},
  author={Israel Cole and Liswani Sibamba and Abdi Hilowle and Jaye Jallow},
  journal={CoRR},
  year={2017},
  volume={abs/1712.04560}
}

@misc{Facebook_medical,
  author = {Estadão Conteúdo},
  title = {{Facebook pediu dados anônimos de pacientes a hospitais dos EUA}},
  howpublished = "{https://veja.abril.com.br/mundo/facebook-pediu-dados-anonimos-de-pacientes-a-hospitais-nos-eua}",
  year = {2018}, 
  note = "[Online]. Acessado em Abr. 2018."
}

@article{fu2018poks,
  title={{POKs Based Low Energy Authentication Scheme for Implantable Medical Devices}},
  author={Chenglong Fu and Xiaojiang Du and Longfei Wu and Xinwen Fu},
  journal={CoRR},
  year={2018},
  volume={abs/1803.09890}
}


@article{al2017trust,
  title={{Trust-Based Decision Making for Health {IoT} Systems}},
  author={Al-Hamadi, Hamid and Chen, Ray},
  journal={IEEE Internet of Things Journal},
  volume={4},
  number={5},
  pages={1408--1419},
  year={2017},
  publisher={IEEE}
}

@article{carminati2016detection,
  title={{Detection of Unspecified Emergencies for Controlled Information Sharing}},
  author={Carminati, Barbara and Ferrari, Elena and Guglielmi, Michele},
  journal={IEEE TDSC},
  volume={13},
  number={6},
  pages={630--643},
  year={2016},
  publisher={IEEE}
}

@misc{pompiers2018,
  author = {l`est Republicain},
  title = {{Les pompiers recrutent des Bons Samaritains}},
  howpublished = "{https://www.estrepublicain.fr/edition-de-vesoul-haute-saone/2018/02/04/les-pompiers-recrutent-des-bons-samaritains}",
  year = {2018}, 
  note = "[Online]. Acessado em Abr. 2018."
}

@inproceedings{bao2013scalable,
  title={{Scalable, Adaptive and Survivable Trust Management for Community of Interest Based Internet of Things Systems}},
  author={Bao, Fenye and Chen, Ray and Guo, Jia},
  booktitle={ISADS 2013},
  pages={1--7},
  year={2013},
  OPTorganization={IEEE}
}

@article{rossetti2017community,
  title={{Community discovery in dynamic networks: a survey}},
  author={Rossetti, Giulio and Cazabet, R{\'e}my},
  journal={ACM CSUR},
  volume={51},
  number={2},
  pages={35},
  year={2018},
  publisher={ACM}
}


@Book{knuth:84,
  author = 	 {Donald E. Knuth},
  title = 	 {The {\TeX} Book},
  publisher = 	 {Addison-Wesley},
  year = 	 {1984},
  edition = 	 {15th}
}

@InCollection{boulic:91,
  author = 	 {R. Boulic and O. Renault},
  title = 	 {3D Hierarchies for Animation},
  booktitle = 	 {New Trends in Animation and Visualization},
  publisher =    {John Wiley {\&} Sons ltd.},
  year = 	 {1991},
  editor = 	 {Nadia Magnenat-Thalmann and Daniel Thalmann}
}

@InCollection{smith:99,
  author = 	 {A. Smith and B. Jones},
  title = 	 {On the Complexity of Computing},
  booktitle = 	 {Advances in Computer Science},
  pages = 	 {555--566},
  publisher =    {Publishing Press},
  year = 	 {1999},
  editor = 	 {A. B. Smith-Jones}
}

@article{avizienis2004basic,
  title={{Basic concepts and taxonomy of dependable and secure computing}},
  author={Avizienis, Algirdas and Laprie, J-C and Randell, Brian and Landwehr, Carl},
  journal={IEEE transactions on dependable and secure computing},
  volume={1},
  number={1},
  pages={11--33},
  year={2004},
  publisher={IEEE}
}

@article{vasilomanolakis2017trust,
  title={{I Trust my Zombies: A Trust-enabled Botnet}},
  author={Emmanouil Vasilomanolakis and Jan Helge Wolf and Leon B{\"o}ck and Shankar Karuppayah and Max M{\"u}hlh{\"a}user},
  journal={CoRR},
  year={2017},
  volume={abs/1712.03713}
}

@article{farahani2017towards,
  title={{Towards fog-driven {IoT} eHealth: promises and challenges of {IoT} in medicine and healthcare}},
  author={Farahani, Bahar and Firouzi, Farshad and Chang, Victor and Badaroglu, Mustafa and Constant, Nicholas and Mankodiya, Kunal},
  journal={Future Generation Computer Systems},
  year={2017},
  publisher={Elsevier}
}

@inproceedings{daubert2015view,
  title={{A view on privacy \& trust in IoT}},
  author={Daubert, Joerg and Wiesmaier, Alexander and Kikiras, Panayotis},
  booktitle={IEEE International Conference on Communication Workshop (ICCW 2015)},
  pages={2665--2670},
  year={2015},
  OPTorganization={IEEE}
}

@inproceedings{zrelli2017checking,
  title={{Checking and Enforcing Security through Opacity in Healthcare Applications}},
  author={Zrelli, Rym and Yeddes, Moez and Hadj-Alouane, Nejib Ben},
  booktitle={International Conference on Service-Oriented Computing},
  pages={161--173},
  year={2017},
  organization={Springer}
}

@inproceedings{abomhara2014security,
  title={{Security and privacy in the Internet of Things: Current status and open issues}},
  author={Abomhara, Mohamed and K{\o}ien, Geir M},
  booktitle={IEEE International Conference on Privacy and Security in Mobile Systems (PRISMS), 2014},
  pages={1--8},
  year={2014},
  OPTorganization={IEEE}
}

@inproceedings{arnoux2017combining,
  title={{Combining structural and dynamic information to predict activity in link streams}},
  author={Arnoux, Thibaud and Tabourier, Lionel and Latapy, Matthieu},
  booktitle={Proceedings of the 2017 IEEE/ACM International Conference on Advances in Social Networks Analysis and Mining 2017},
  pages={935--942},
  OPTyear={2017},
  OPTorganization={ACM}
}

@inproceedings{cervantes2015detection,
  title={{Detection of sinkhole attacks for supporting secure routing on 6LoWPAN for Internet of Things}},
  author={Cervantes, Christian and Poplade, Diego and Nogueira, Michele and Santos, Aldri},
  booktitle={IFIP/IEEE International Symposium on Integrated Network Management (IM), 2015},
  pages={606--611},
  OPTyear={2015},
  OPTorganization={IEEE}
}

@article{Cervantes2018,
author = {Cervantes, Christian and Nogueira, Michele and Santos, Aldri},
keywords = {de detec{\c{c}}{\~{a}}o de intrus{\~{a}}o,de prote-,ids,sejam uma boa contramedida},
pages = {1--14},
title = {{Mitiga{\c{c}}{\~{a}}o de Ataques no Roteamento em {IoT} Densa e M{\'{o}}vel Baseada em Agrupamento e Confiabilidade dos Dispositivos}},
year = {2018}
}

@inproceedings{son2017adaptive,
  title={{An Adaptive {IoT} Trust Estimation Scheme Combining Interaction History and Stereotypical Reputation}},
  author={Son, Heesuk and Kang, Namyong and Gwak, Bumjin and Lee, Dongman},
  booktitle={14th IEEE Annual Consumer Communications \& Networking Conference (CCNC), 2017},
  pages={349--352},
  year={2017},
  OPTorganization={IEEE},
}

@inproceedings{nguyen2016challenge,
  title={{Challenge-response trust assessment model for personal space IoT}},
  author={Nguyen, Tham and Hoang, Doan and Seneviratne, Aruna},
  booktitle={IEEE International Conference on Pervasive Computing and Communication Workshops (PerCom Workshops), 2016},
  pages={1--6},
  year={2016},
  OPTorganization={IEEE}
}

@article{truong2017toward,
  title={{Toward a Trust Evaluation Mechanism in the Social Internet of Things}},
  author={Truong, Nguyen Binh and Lee, Hyunwoo and Askwith, Bob and Lee, Gyu Myoung},
  journal={Sensors},
  volume={17},
  number={6},
  pages={1346},
  year={2017},
  publisher={Multidisciplinary Digital Publishing Institute}
}

@article{wang2017trust,
  title={{Trust-based task assignment with multiobjective optimization in service-oriented ad hoc networks}},
  author={Wang, Yating and Chen, Ray and Cho, Jin-Hee and Tsai, Jeffrey JP},
  journal={IEEE Transactions on Network and Service Management},
  volume={14},
  number={1},
  pages={217--232},
  year={2017},
  publisher={IEEE}
}

@inproceedings{mannes2011esquema,
  title={{Um esquema bio-inspirado para a tolerância má-conduta em sistemas de quórum para {MANETs}}} ,
  author={Mannes, Elisa and Nogueira, Michele and Santos, Aldri},
  booktitle={Anais do XI Simp{\'{o}}sio Brasileiro em Seguran{\c{c}}a da Informa{\c{c}\~{a}}o e de Sistemas Computacionais},
  pages={239--252},
  year={2011},
  organization={SBC}  
}

@inproceedings{mannes2012quorum,
  title = {{Serviços Confiáveis em {MANETs} Baseado em Sistema de Quórum Tolerante à Má-conduta}},
  author = {Nogueira, Michele and Mannes, Elisa and Santos, Aldri},
  booktitle={Anais do XXX SBRC},
  pages={305--318},
  year = {2012},
  organization={SBC}
}

@inproceedings{taylor2017bootstrapping,
  title={{Bootstrapping Trust with Partial and Subjective Observability}},
  author={Taylor, Phillip and Griffiths, Nathan and Barakat, Lina and Miles, Simon},
  booktitle={Proceedings of the 16th Conference on Autonomous Agents and MultiAgent Systems},
  pages={1745--1747},
  year={2017},
  organization={International Foundation for Autonomous Agents and Multiagent Systems}
}

@article{oh2018unified,
  title={{A unified framework of trust prediction based on message passing}},
  author={Oh, Hyun-Kyo and Kim, Jin-Woo and Kim, Sang-Wook and Lee, Kichun},
  journal={Cluster Computing},
  pages={1--13},
  year={2018},
  publisher={Springer}
}

@article{bannack2008segurancca,
  title={{Seguran{\c{c}}a em redes ad hoc}},
  author={Bannack, Angelo and da Silva, Eduardo and Lima, Michele Nogueira and dos Santos, Aldri L and Albini, Luiz Carlos Pessoa},
  journal={Anais do XXVI Simp{\'o}sio Brasileiro de Telecomunica{\c{c}}oes (SBRT’08)},
  pages={19--20},
  year={2008}
}

@inproceedings{carminati2013controlled,
  title={{Controlled information sharing for unspecified emergencies}},
  author={Carminati, Barbara and Ferrari, Elena and Guglielmi, Michele},
  booktitle={IEEE International Conference on Risks and Security of Internet and Systems (CRiSIS), 2013},
  pages={1--8},
  year={2013},
  OPTorganization={IEEE}
}

@article{atzori2010internet,
  title={{The internet of things: A survey}},
  author={Atzori, Luigi and Iera, Antonio and Morabito, Giacomo},
  journal={Computer networks},
  volume={54},
  number={15},
  pages={2787--2805},
  year={2010},
  publisher={Elsevier}
}

@inproceedings{bao2012trust,
  title={{Trust Management for the Internet of Things and Its Application to Service Composition}},
  author={Bao, Fenye and Chen, Ray},
  booktitle={WoWMoM 2012},
  pages={1--6},
  year={2012},
  OPTorganization={IEEE}
}

@inproceedings{wu1994verbs,
  title={{Verbs semantics and lexical selection}},
  author={Wu, Zhibiao and Palmer, Martha},
  booktitle={ACM Proceedings of the 32nd annual meeting on Association for Computational Linguistics},
  pages={133--138},
  year={1994},
  OPTorganization={Association for Computational Linguistics}
}

@article{resnik1999semantic,
  title={{Semantic Similarity in a Taxonomy: An Information-Based Measure and its Application to Problems of Ambiguity in Natural Language}},
  author={Resnik, Philip},
  journal={JAIR},
  volume={11},
  pages={95--130},
  year={1999}
}

@article{mohammad2012distributional,
  title={{Distributional Measures of Semantic Distance: A Survey}},
  author={Saif Mohammad and Graeme Hirst},
  journal={CoRR},
  year={2012},
  volume={abs/1203.1858}
}

@inproceedings{bao2012dynamic,
  title={{Dynamic trust management for internet of things applications}},
  author={Bao, Fenye and Chen, Ing-Ray},
  booktitle={ACM Proceedings of the 2012 international workshop on Self-aware internet of things, 2012},
  pages={1--6},
  year={2012},
  OPTorganization={ACM}
}

@article{lamsal2001understanding,
  title={{Understanding trust and security}},
  author={Lamsal, Pradip},
  journal={Department of Computer Science, University of Helsinki, Finland},
  year={2001},
  publisher={Citeseer}
}

@inproceedings{gligor2011towards,
  title={{Towards a theory of trust in networks of humans and computers}},
  author={Gligor, Virgil and Wing, Jeannette M},
  booktitle={International workshop on Security Protocols},
  pages={223--242},
  year={2011},
  organization={Springer}
}  

@incollection{golbeck2009introduction,
  title={{Introduction to computing with social trust}},
  author={Golbeck, Jennifer},
  booktitle={Computing with social trust},
  pages={1--5},
  year={2009},
  publisher={Springer}
}

@article{maslow1943theory,
  title={{A theory of human motivation}},
  author={Maslow, Abraham H},
  journal={Psychological review},
  volume={50},
  number={4},
  pages={370},
  year={1943},
  publisher={American Psychological Association}
}

@article{sicari2015security,
  title={{Security, privacy and trust in Internet of Things: The road ahead}},
  author={Sicari, Sabrina and Rizzardi, Alessandra and Grieco, Luigi Alfredo and Coen-Porisini, Alberto},
  journal={Computer networks},
  volume={76},
  pages={146--164},
  year={2015},
  publisher={Elsevier}
}

@misc{NS3simulator2018,
  author = {Consortium NS-3},
  title = {{NS-3 Discrete-event Network Simulator}},
  howpublished = "{https://www.nsnam.org}",
  year = {2018}, 
  note = "[Online]. Acessado em maio 2018."
}

@article{bernabe2016taciot,
  title={{TACIoT: multidimensional trust-aware access control system for the {I}nternet of {T}hings}},
  author={Bernabe, Jorge Bernal and Ramos, Jose Luis Hernandez and Gomez, Antonio F Skarmeta},
  journal={Soft Computing},
  volume={20},
  number={5},
  pages={1763--1779},
  year={2016},
  publisher={Springer}
}

@misc{StockholmPopulation,
    author = {population.city},
    title = {{Stockholm · Population}},
    year = {2015},
    url = {http://population.city/sweden/stockholm/},
    note = "{[Online]. acessado em 11 de dezembro de 2018}"
}

@misc{StockholmHealth,
  author = {Socialstyrelsen},
  title = {{Health Care Practitioners}},
  howpublished = "{http://www.socialstyrelsen.se/english}",
  year = {2018}, 
  note = "[Online]. Acessado em dezembro 2018."
}

@misc{kth-walkers-20140505,
    author = {Sylvia Todorova Kouyoumdjieva and Ólafur Ragnar Helgason and Gunnar Karlsson},
    title = {{CRAWDAD} dataset kth/walkers (v. 2014-05-05)},
    howpublished = {Baixado de {https://crawdad.org/kth/walkers/20140505}},
    doi = {10.15783/C7Z30C},
    month = may,
    year = 2014
}

@article{helgason2014opportunistic,
  title={{Opportunistic Communication and Human Mobility}},
  author={Helgason, {\'O}lafur and Kouyoumdjieva, Sylvia T and Karlsson, Gunnar},
  journal={IEEE Transactions on Mobile Computing},
  volume={13},
  number={7},
  pages={1597--1610},
  year={2014},
  publisher={IEEE}
}

@article{wang2018towards,
  title={{Towards Understanding Community Interests With Topic Modeling}},
  author={Wang, Feng and Orton, Kenneth and Wagenseller, Paul and Xu, Kuai},
  journal={IEEE Access},
  volume={6},
  pages={24660--24668},
  year={2018},
  publisher={IEEE}
}

@article{chakraborty2017metrics,
  title={{Metrics for community analysis: A survey}},
  author={Chakraborty, Tanmoy and Dalmia, Ayushi and Mukherjee, Animesh and Ganguly, Niloy},
  journal={ACM CSUR},
  volume={50},
  number={4},
  pages={54},
  year={2017},
  publisher={ACM}
}

@article{li2015internet,
  title={{The internet of things: a survey}},
  author={Li, Shancang and Da Xu, Li and Zhao, Shanshan},
  journal={Information Systems Frontiers},
  volume={17},
  number={2},
  pages={243--259},
  year={2015},
  publisher={Springer}
}

@article{coscia2011,
  author    = {Michele Coscia and Fosca Giannotti and Dino Pedreschi},
  title     = {{A classification for community discovery methods in complex networks}},
  journal   = {Statistical Analysis and Data Mining},
  volume    = {4},
  number    = {5},
  year      = {2011},
  pages     = {512-546},
  ee        = {http://dx.doi.org/10.1002/sam.10133},
  bibsource = {DBLP, http://dblp.uni-trier.de}
}

@article{rossetti2018community,
  title={{Community Discovery in Dynamic Networks: a Survey}},
  author={Rossetti, Giulio and Cazabet, R{\'e}my},
  journal={ACM CSUR},
  volume={51},
  number={2},
  pages={35},
  year={2018},
  publisher={ACM}
}

@phdthesis{marsh1994formalising,
  author={Marsh, Stephen Paul},
  title={{Formalising trust as a computational concept}},
  school       = {University of Stirling},
  year         = 1994,
  address      = {Stirling - UK},
  note         = {http://hdl.handle.net/1893/2010}
}

@inproceedings{williams2016perfect,
  title={{The Perfect Storm: The Privacy Paradox and the Internet-of-Things}},
  author={Williams, Meredydd and Nurse, Jason RC and Creese, Sadie},
  booktitle={ARES 2016},
  pages={644--652},
  year={2016},
  organization={IEEE}
}

@article{garyfalos2008coupons,
  title={{Coupons: A Multilevel Incentive Scheme for Information Dissemination in Mobile Networks}},
  author={Garyfalos, Anargyros and Almeroth, Kevin C},
  journal={IEEE Transactions on Mobile Computing},
  volume={7},
  number={6},
  pages={792--804},
  year={2008},
  publisher={IEEE}
}

@article{sudhindra2014,
  title={{Survey of Trust Models in Wireless Sensor Networks}},
  author={Vivekavardhana, Reddy. B and Sudhindra, K R},
  journal={IJAIST},
  volume={31},
  number={31},
  year={2014},
  publisher={IJAIST}
}

@inproceedings{bujari2012survey,
  title={{A survey of opportunistic data gathering and dissemination techniques}},
  author={Bujari, Armir},
  booktitle={2012 21st International Conference on Computer Communications and Networks (ICCCN)},
  pages={1--6},
  year={2012},
  organization={IEEE}
}

@inproceedings{faheem2009data,
  title={{Data dissemination strategies in mobile sink wireless sensor networks: A survey}},
  author={Faheem, Yasir and Boudjit, Saadi and Chen, Ken},
  booktitle={2009 2nd IFIP Wireless Days (WD)},
  pages={1--6},
  year={2009},
  organization={IEEE}
}

@inproceedings{alromaihi2018cyber,
  title={{Cyber Security Challenges of Deploying IoT in Smart Cities for Healthcare Applications}},
  author={Alromaihi, Sara and Elmedany, Wael and Balakrishna, Chitra},
  booktitle={2018 6th International Conference on Future Internet of Things and Cloud Workshops (FiCloudW)},
  pages={140--145},
  year={2018},
  organization={IEEE}
}

@article{Mosenia2017AddressingSA,
  title={{Addressing Security and Privacy Challenges in Internet of Things}},
  author={Arsalan Mosenia},
  journal={CoRR},
  year={2017},
  volume={abs/1807.06724}
}

@inproceedings{guo2012opportunistic,
  title={{Opportunistic IoT: Exploring the social side of the internet of things}},
  author={Guo, Bin and Yu, Zhiwen and Zhou, Xingshe and Zhang, Daqing},
  booktitle={Proceedings of the 2012 IEEE 16th International Conference on Computer Supported Cooperative Work in Design (CSCWD)},
  pages={925--929},
  year={2012},
  organization={IEEE}
}

@misc{ieee2012,
  title={{802.15. 6-2012 IEEE Standards for Local and Metropolitan Area Networks--Part 15.6: Wireless Body Area Networks}},
  author={IEEE Standards Association and others},
  pages={1-271},
  year = {2012},
  publisher={IEEE}
}

@article{movassaghi2014wireless,
  title={{Wireless Body Area Networks: A Survey}},
  author={Movassaghi, Samaneh and Abolhasan, Mehran and Lipman, Justin and Smith, David and Jamalipour, Abbas},
  journal={IEEE Communications surveys \& tutorials},
  volume={16},
  number={3},
  pages={1658--1686},
  year={2014},
  publisher={IEEE}
}

@article{latre2011survey,
  title={{A survey on wireless body area networks}},
  author={Latr{\'e}, Beno{\^\i}t and Braem, Bart and Moerman, Ingrid and Blondia, Chris and Demeester, Piet},
  journal={Wireless Networks},
  volume={17},
  number={1},
  pages={1--18},
  year={2011},
  publisher={Springer-Verlag New York, Inc.}
}

@misc{FacebookLeakage,
  author = {Silverstein, Jason},
  title = {{Hundreds of millions of Facebook user records were exposed on Amazon cloud server}},
  howpublished = "{https://www.cbsnews.com/news/millions-facebook-user-records-exposed-amazon-cloud-server/}",
  year = {2019}, 
  note = "[Online]. Acessado em Abr. 2019."
}

@inproceedings{kjaergaard2012detecting,
  title={{Detecting pedestrian flocks by fusion of multi-modal sensors in mobile phones}},
  author={Kj{\ae}rgaard, Mikkel Baun and Wirz, Martin and Roggen, Daniel and Tr{\"o}ster, Gerhard},
  booktitle={Proceedings of the 2012 ACM Conference on Ubiquitous Computing},
  pages={240--249},
  year={2012},
  organization={ACM}
}

@inproceedings{rachuri2013metis,
  title={{METIS: Exploring mobile phone sensing offloading for efficiently supporting social sensing applications}},
  author={Rachuri, Kiran K and Efstratiou, Christos and Leontiadis, Ilias and Mascolo, Cecilia and Rentfrow, Peter J},
  booktitle={PerCom 2013},
  pages={85--93},
  year={2013},
  organization={IEEE}
}

@inproceedings{ruiz2014analysis,
  title={{Analysis methods for extracting knowledge from large-scale wifi monitoring to inform building facility planning}},
  author={Ruiz-Ruiz, Antonio J and Blunck, Henrik and Prentow, Thor S and Stisen, Allan and Kj{\ae}rgaard, Mikkel B},
  booktitle={PerCom 2014},
  pages={130--138},
  year={2014},
  organization={IEEE}
}

@inproceedings{wood2017cleartext,
  title={Cleartext data transmissions in consumer iot medical devices},
  author={Wood, Daniel and Apthorpe, Noah and Feamster, Nick},
  booktitle={Proceedings of the 2017 Workshop on Internet of Things Security and Privacy},
  pages={7--12},
  year={2017},
  organization={ACM}
}

@article{feige1988zero,
  title={Zero-knowledge proofs of identity},
  author={Feige, Uriel and Fiat, Amos and Shamir, Adi},
  journal={Journal of cryptology},
  volume={1},
  number={2},
  pages={77--94},
  year={1988},
  publisher={Springer}
}

@article{lima2009survey,
  title={{A Survey of Survivability in Mobile Ad Hoc Networks}},
  author={Lima, Michele Nogueira and dos Santos, Aldri L and Pujolle, Guy},
  journal={{IEEE Communications Surveys and Tutorials}},
  volume={11},
  number={1},
  pages={66--77},
  year={2009}
}

@article{gharaibeh2017smart,
  title={{Smart Cities: A Survey on Data Management, Security, and Enabling Technologies}},
  author={Gharaibeh, Ammar and Salahuddin, Mohammad A and Hussini, Sayed Jahed and Khreishah, Abdallah and Khalil, Issa and Guizani, Mohsen and Al-Fuqaha, Ala},
  journal={{IEEE} Communications Surveys \& Tutorials},
  volume={19},
  number={4},
  pages={2456--2501},
  year={2017},
  publisher={IEEE}
}

@misc{health2013thailand,
  author = {Enterprise Innovation},
  title = {{Saensuk Smart City launches smart healthcare pilot}},
  howpublished = "{https://www.enterpriseinnovation.net/article/saensuk-smart-city-launches-smart-healthcare-pilot-1759874204}",
  year = {2016}, 
  note = "[Online]. Acesso em: Abr. 2019."
}

@inproceedings{marquez2019overlapping,
  title={{Overlapping Community Detection in Static and Dynamic Social Networks}},
  author={M{\'a}rquez, Renny and Weber, Richard},
  booktitle={Proceedings of the Twelfth ACM WSDM},
  pages={822--823},
  year={2019},
  organization={ACM}
}

@article{borrego2019efficient,
  title={Efficient broadcast in opportunistic networks using optimal stopping theory},
  author={Borrego, Carlos and Borrell, Joan and Robles, Sergi},
  journal={Ad Hoc Networks},
  volume={88},
  pages={5--17},
  year={2019},
  publisher={Elsevier}
}

@article{baldoni2011data,
  title={{Data Dissemination Supporting Complex Event Pattern Detection}},
  author={Baldoni, Roberto and Bonomi, Silvia and Lodi, Giorgia and Platania, Marco and Querzoni, Leonardo},
  journal={IJNGC},
  volume={24},
  year={2011}
}

@article{kolios2016data,
  title={{Data-Driven Event Triggering for IoT Applications}},
  author={Kolios, Panayiotis and Panayiotou, Christos and Ellinas, Georgios and Polycarpou, Marios},
  journal={IEEE Internet of Things Journal},
  volume={3},
  number={6},
  pages={1146--1158},
  year={2016},
  publisher={IEEE}
}

@article{diaz2018shielding,
  title={Shielding IoT against cyber-attacks: An event-based approach using SIEM},
  author={D{\'\i}az L{\'o}pez, Daniel and Blanco Uribe, Mar{\'\i}a and Santiago Cely, Claudia and Vega Torres, Andr{\'e}s and Moreno Guataquira, Nicol{\'a}s and Mor{\'o}n Castro, Stefany and Nespoli, Pantaleone and G{\'o}mez M{\'a}rmol, F{\'e}lix},
  journal={Wireless Communications and Mobile Computing},
  volume={2018},
  year={2018},
  publisher={Hindawi}
}

@article{rivero2018secure,
  title={{Secure Communication System for Emergency Services in Network Congestion Scenarios}},
  author={Rivero-Garc{\i}a, Alexandra and Santos-Gonz{\'a}lez, Iv{\'a}n and Goya, Candelaria Hern{\'a}ndez and Caballero-Gil, Pino},
  journal={ICDS},
  pages={63},
  year={2018}
}

@misc{india2015,
  author = {Honeywell Technologies},
  title = {{Bhubaneswar's "Smart Safety"~City Surveillance Project Powered by Honeywell Technologies}},
  howpublished = "{https://www.honeywell.com/en-us/newsroom/news/2015/05/bhubaneswars-smart-safety-city-surveillance-project-powered-by-honeywell-technologies}",
  year = {2015}, 
  note = "[Online]. Acessado em Dez. 2019."
}

@inproceedings{timashev2017resilient,
  title={{Resilient Urban Infrastructures-Basics of Smart Sustainable Cities}},
  author={Timashev, SA},
  booktitle={IOP Conference Series: Materials Science and Engineering},
  volume={262},
  pages={012197},
  year={2017},
  organization={Institute of Physics Publishing}
}

@inproceedings{batista2019sbseg,
 author= {Batista, Agnaldo and Santos, Aldri and Nogueira, Michele},
 title = {{Disseminação Robusta de Dados Pessoais Sensíveis Baseada em Comunidade de Interesse e Confiança Social para Suportar Situações Emergenciais de Saúde}},
 booktitle = {Anais do XIX SBSEG},
 location = {São Paulo},
 year = {2019},
 keywords = {},
 pages = {},
 publisher = {SBC},
 address = {Porto Alegre, RS, Brasil},
 url = {https://sol.sbc.org.br/index.php/sbseg/article/view/4254}
}

@article{lamport1978time,
  title={{Time, Clocks, and the Ordering of Events in a Distributed System}},
  author={Lamport, Leslie},
  journal={Communications of the ACM},
  volume={21},
  number={7},
  pages={558--565},
  year={1978},
  publisher={ACM}
}

@inproceedings{souil2011qos,
  title={{On QoS Provisioning in Context-Aware Wireless Sensor Networks for Healthcare}},
  author={Souil, Marion and Bouabdallah, Abdelmadjid},
  booktitle={Proceedings of 20th ICCCN},
  pages={1--6},
  year={2011},
  organization={IEEE}
}

@article{blount2007remote,
  title={Remote health-care monitoring using Personal Care Connect},
  author={Blount, Marion and Batra, Virinder M and Capella, Andrew N and Ebling, Maria R and Jerome, William F and Martin, Sherri M and Nidd, Michael and Niemi, Michael R and Wright, Steven P},
  journal={IBM systems journal},
  volume={46},
  number={1},
  pages={95--113},
  year={2007},
  publisher={IBM}
}

@inproceedings{boukerche2004fast,
  title={{A Fast and Reliable Protocol for Wireless Sensor Networks in Critical Conditions Monitoring Applications}},
  author={Boukerche, Azzedine and Boukerche, Azzedine and Pazzi, Richard Werner Nelem and Araujo, Regina Borges},
  booktitle={Proceedings of the 7th ACM MSWiM},
  pages={157--164},
  year={2004},
  organization={ACM}
}

@inproceedings{nittel2012localalert,
  title={{LocalAlert: Simulating Decentralized Ad-Hoc Collaboration in Emergency Situations}},
  author={Nittel, Silvia and Dorr, Christopher and Whittier, John C},
  booktitle={GIScience},
  pages={146--159},
  year={2012},
  organization={Springer}
}

@article{dar2015resource,
  title={A resource oriented integration architecture for the Internet of Things: A business process perspective},
  author={Dar, Kashif and Taherkordi, Amir and Baraki, Harun and Eliassen, Frank and Geihs, Kurt},
  journal={Pervasive and Mobile Computing},
  volume={20},
  pages={145--159},
  year={2015},
  publisher={Elsevier}
}

@article{gopalakrishnan2011design,
  title={Design Considerations for a Self-Managed Wireless Sensor Cloud for Emergency Response Scenario},
  author={Gopalakrishnan Nair, Nithyia and Morrow, PJ and Parr, Gerard},
  year={2011},
  publisher={PGNet}
}

@article{wu2016dynamic,
  title={Dynamic collaborative in-network event detection in wireless sensor networks},
  author={Wu, Hejun and Cao, Jiannong and Fan, Xiaopeng},
  journal={Telecommunication Systems},
  volume={62},
  number={1},
  pages={43--58},
  year={2016},
  publisher={Springer}
}

@article{aloi2017enabling,
  title={{Enabling IoT interoperability through opportunistic smartphone-based mobile gateways}},
  author={Aloi, Gianluca and Caliciuri, Giuseppe and Fortino, Giancarlo and Gravina, Raffaele and Pace, Pasquale and Russo, Wilma and Savaglio, Claudio},
  journal={JNCA},
  volume={81},
  pages={74--84},
  year={2017},
  publisher={Elsevier}
}

@mastersthesis{batista2019disseminacao,
  author       = {Batista, Agnaldo Souza}, 
  title        = {{Disseminação Segura de Dados Pessoais Vitais Para Apoio às Tomadas de Decisão em Situações Emergenciais}},
  address      = {{Curitiba/PR}},
  school       = {{Universidade Federal do Paraná}},
  year         = 2019
}

@article{kim2015hcs,
  title={HCS: hierarchical cluster-based forwarding scheme for mobile social networks},
  author={Kim, Sun-Kyum and Yoon, Ji-Hyeun and Lee, Junyeop and Yang, Sung-Bong},
  journal={Wireless Networks},
  volume={21},
  number={5},
  pages={1699--1711},
  year={2015},
  publisher={Springer}
}

@article{sizemore2018dynamic,
  title={Dynamic graph metrics: Tutorial, toolbox, and tale},
  author={Sizemore, Ann E and Bassett, Danielle S},
  journal={NeuroImage},
  volume={180},
  pages={417--427},
  year={2018},
  publisher={Elsevier}
}

@article{latapy2018stream,
  title={Stream graphs and link streams for the modeling of interactions over time},
  author={Latapy, Matthieu and Viard, Tiphaine and Magnien, Cl{\'e}mence},
  journal={Social Network Analysis and Mining},
  volume={8},
  number={1},
  pages={61},
  year={2018},
  publisher={Springer}
}


@inproceedings{nzeko2017time,
author={Nzeko'o, Armel Jacques Nzekon and Tchuente, Maurice and Latapy, Matthieu},
year = {2017},
month = {01},
pages = {268-275},
title = {Time Weight Content-based Extensions of Temporal Graphs for Personalized Recommendation},
booktitle={WEBIST 2017}
}
